@article{TCS-042,
    url = {http://dx.doi.org/10.1561/0400000042},
    year = {2014},
    volume = {9},
    journal = {Foundations and Trends® in Theoretical Computer Science},
    title = {The Algorithmic Foundations of Differential Privacy},
    doi = {10.1561/0400000042},
    issn = {1551-305X},
    number = {3–4},
    pages = {211-407},
    author = {Cynthia Dwork and Aaron Roth}
}
@InProceedings{10.1007/11681878_14,
    author="Dwork, Cynthia
    and McSherry, Frank
    and Nissim, Kobbi
    and Smith, Adam",
    editor="Halevi, Shai
    and Rabin, Tal",
    title="Calibrating Noise to Sensitivity in Private Data Analysis",
    booktitle="Theory of Cryptography",
    year="2006",
    publisher="Springer Berlin Heidelberg",
    address="Berlin, Heidelberg",
    abstract="We continue a line of research initiated in [10,11]on privacy-preserving statistical databases. Consider a trusted server that holds a database of sensitive information. Given a query function f mapping databases to reals, the so-called true answer is the result of applying f to the database. To protect privacy, the true answer is perturbed by the addition of random noise generated according to a carefully chosen distribution, and this response, the true answer plus noise, is returned to the user.",
    isbn="978-3-540-32732-5"
}
@article{Warner01031965,
    author = "Stanley L. Warner",
    title = "Randomized Response: A Survey Technique for Eliminating Evasive Answer Bias",
    journal = "Journal of the American Statistical Association",
    volume = "60",
    number = "309",
    pages = "63--69",
    year = "1965",
    publisher = "ASA Website",
    doi = "10.1080/01621459.1965.10480775",
    note = "PMID: 12261830",
    url = "https://www.tandfonline.com/doi/abs/10.1080/01621459.1965.10480775",
    eprint = "https://www.tandfonline.com/doi/pdf/10.1080/01621459.1965.10480775"
}
@misc{desfontainesbayes,
    title = {Differential privacy in (a bit) more detail},
    author = {Damien Desfontaines},
    howpublished = {\url{https://desfontain.es/blog/differential-privacy-in-more-detail.html}},
    note = {Ted is writing things (personal blog)},
    year = {2018},
    month = {08}
}
@article{bambauer_fools_2014,
    title = {Fool's {Gold}: {An} {Illustrated} {Critique} of {Differential} {Privacy}},
    volume = {16},
    url = {https://scholarship.law.vanderbilt.edu/jetlaw/vol16/iss4/1},
    number = {4},
    journal = {Vanderbilt Journal of Entertainment \& Technology Law},
    author = {Bambauer, Jane and Muralidhar, Krishnamurty and Sarathy, Rathindra},
    month = jan,
    year = {2014},
}
@INPROCEEDINGS{deanon-netflix,
    author={Narayanan, Arvind and Shmatikov, Vitaly},
    booktitle={2008 IEEE Symposium on Security and Privacy (sp 2008)}, 
    title={Robust De-anonymization of Large Sparse Datasets}, 
    year={2008},
    volume={},
    number={},
    pages={111-125},
    keywords={Robustness;Motion pictures;Data security;Data privacy;Transaction databases;Data mining;Internet;Tail;Probability;DVD;Privacy;Anonymity;Attack},
    doi={10.1109/SP.2008.33}
}
@misc{deanon-socialnet,
    title={Blind De-anonymization Attacks using Social Networks}, 
    author={Wei-Han Lee and Changchang Liu and Shouling Ji and Prateek Mittal and Ruby Lee},
    year={2018},
    eprint={1801.05534},
    archivePrefix={arXiv},
    primaryClass={cs.SI},
    url={https://arxiv.org/abs/1801.05534}, 
}
@INPROCEEDINGS{deanon-geodata,
    author={Gambs, Sébastien and Killijian, Marc-Olivier and Cortez, Miguel Núñez del Prado},
    booktitle={2013 12th IEEE International Conference on Trust, Security and Privacy in Computing and Communications}, 
    title={De-anonymization Attack on Geolocated Data}, 
    year={2013},
    volume={},
    number={},
    pages={789-797},
    keywords={Training;Geology;Markov processes;Testing;Semantics;Measurement;Vectors;Privacy;geolocation;inference attack;de-anonymization},
    doi={10.1109/TrustCom.2013.96}
}
@misc{appledpatscale,
    title = {Learning with Privacy at Scale - Apple Machine Learning Research},
    author = {Differential Privacy Team, Apple},
    url = "https://machinelearning.apple.com/research/learning-with-privacy-at-scale",
    note = "[Online; accessed 2025-02-04]"
}
@misc{googlecovid19communitymobility,
    title={Google COVID-19 Community Mobility Reports: Anonymization Process Description (version 1.1)}, 
    author={Ahmet Aktay and Shailesh Bavadekar and Gwen Cossoul and John Davis and Damien Desfontaines and Alex Fabrikant and Evgeniy Gabrilovich and Krishna Gadepalli and Bryant Gipson and Miguel Guevara and Chaitanya Kamath and Mansi Kansal and Ali Lange and Chinmoy Mandayam and Andrew Oplinger and Christopher Pluntke and Thomas Roessler and Arran Schlosberg and Tomer Shekel and Swapnil Vispute and Mia Vu and Gregory Wellenius and Brian Williams and Royce J Wilson},
    year={2020},
    eprint={2004.04145},
    archivePrefix={arXiv},
    primaryClass={cs.CR},
    url={https://arxiv.org/abs/2004.04145}, 
}
@misc{rogers2020linkedinsaudienceengagementsapi,
    title={LinkedIn's Audience Engagements API: A Privacy Preserving Data Analytics System at Scale}, 
    author={Ryan Rogers and Subbu Subramaniam and Sean Peng and David Durfee and Seunghyun Lee and Santosh Kumar Kancha and Shraddha Sahay and Parvez Ahammad},
    year={2020},
    eprint={2002.05839},
    archivePrefix={arXiv},
    primaryClass={cs.CR},
    url={https://arxiv.org/abs/2002.05839}, 
}
@article{Zhang_2023mlprivacy,
    title={A Review on Machine Unlearning},
    volume={4},
    ISSN={2661-8907},
    url={http://dx.doi.org/10.1007/s42979-023-01767-4},
    DOI={10.1007/s42979-023-01767-4},
    number={4},
    journal={SN Computer Science},
    publisher={Springer Science and Business Media LLC},
    author={Zhang, Haibo and Nakamura, Toru and Isohara, Takamasa and Sakurai, Kouichi},
    year={2023},
    month=apr
}
@misc{OWASPmembinference:online,
    author = {OWASP},
    title = {OWASP Machine Learning Security Top Ten 2023 | ML04:2023 Membership Inference Attack | OWASP Foundation},
    url = "https://owasp.org/www-project-machine-learning-security-top-10/docs/ML04_2023-Membership_Inference_Attack",
    year = {2023},
    note = "[Online; accessed 2025-02-04]"
}
@misc{OWASPmlinversion:online,
    author = {OWASP},
    title = {OWASP Machine Learning Security Top Ten 2023 | ML03:2023 Model Inversion Attack | OWASP Foundation},
    url = "https://owasp.org/www-project-machine-learning-security-top-10/docs/ML03_2023-Model_Inversion_Attack",
    year = {2023},
    note = "[Online; accessed 2025-02-04]"
}
@inproceedings{Abadi_2016dpsgd, 
    series={CCS’16},
    title={Deep Learning with Differential Privacy},
    url={http://dx.doi.org/10.1145/2976749.2978318},
    DOI={10.1145/2976749.2978318},
    booktitle={Proceedings of the 2016 ACM SIGSAC Conference on Computer and Communications Security},
    publisher={ACM},
    author={Abadi, Martin and Chu, Andy and Goodfellow, Ian and McMahan, H. Brendan and Mironov, Ilya and Talwar, Kunal and Zhang, Li},
    year={2016},
    month=oct,
    collection={CCS’16}
}
@misc{papernot2018scalableprivatelearningpate,
    title={Scalable Private Learning with PATE}, 
    author={Nicolas Papernot and Shuang Song and Ilya Mironov and Ananth Raghunathan and Kunal Talwar and Úlfar Erlingsson},
    year={2018},
    eprint={1802.08908},
    archivePrefix={arXiv},
    primaryClass={stat.ML},
    url={https://arxiv.org/abs/1802.08908}, 
}
@misc{tran2021fairnessanalysisprivateaggregation,
    title={A Fairness Analysis on Private Aggregation of Teacher Ensembles}, 
    author={Cuong Tran and My H. Dinh and Kyle Beiter and Ferdinando Fioretto},
    year={2021},
    eprint={2109.08630},
    archivePrefix={arXiv},
    primaryClass={cs.LG},
    url={https://arxiv.org/abs/2109.08630}, 
}
@misc{peterson2019privatefederatedlearningdomain,
    title={Private Federated Learning with Domain Adaptation}, 
    author={Daniel Peterson and Pallika Kanani and Virendra J. Marathe},
    year={2019},
    eprint={1912.06733},
    archivePrefix={arXiv},
    primaryClass={cs.LG},
    url={https://arxiv.org/abs/1912.06733}, 
}
@misc{tumultanalytics,
    author = {Tumult Labs},
    title = {Tumult Analytics: a robust, easy-to-use, scalable, and expressive framework for differential privacy},
    url = "https://cdn.prod.website-files.com/62a8b741bce9e9389c905a88/6390203b5b854c343256ab92_TumultWhitepaper.pdf",
}
@article{opendp,
    title = {A Programming Framework for OpenDP},
    year = {2020},
    author = {Marco Gaboardi and Michael Hay and Salil Vadhan},
    journal = {OpenDP}
}
